<?xml version="1.0" encoding="UTF-8"?><collection xmlns="http://www.loc.gov/MARC21/slim"><record><leader>00377nam--2200133-i-4500</leader><controlfield tag="001">000014929</controlfield><controlfield tag="002">20161230</controlfield><controlfield tag="005">20161230201031</controlfield><controlfield tag="008">060222s1000------------r-----000-0-eng-d</controlfield><datafield ind1=" " ind2=" " tag="100"><subfield code="a">Bunn, C.W</subfield></datafield><datafield ind1=" " ind2=" " tag="245"><subfield code="a">Chemical crystallography. an introduction to o ptical and x-ray methods. second edition</subfield></datafield><datafield ind1=" " ind2=" " tag="260"><subfield code="a">Oxford, Clarendon Press, 1961</subfield></datafield><datafield ind1=" " ind2=" " tag="490"><subfield code="a">Xiii + 509 P</subfield></datafield><datafield ind1=" " ind2=" " tag="852"><subfield code="a">548.73</subfield></datafield></record></collection>